<record xmlns="http://www.loc.gov/MARC21/slim">
  <leader>00887cam a22002171  4500</leader>
  <controlfield tag="001">   07021173 </controlfield>
  <controlfield tag="003">DLC</controlfield>
  <controlfield tag="005">20050606091238.0</controlfield>
  <controlfield tag="008">791008s1883    oncacfh       000 0aeng  </controlfield>
  <datafield tag="010" ind1=" " ind2=" ">
    <subfield code="a">   07021173 </subfield>
  </datafield>
  <datafield tag="035" ind1=" " ind2=" ">
    <subfield code="a">(OCoLC)5502900</subfield>
  </datafield>
  <datafield tag="040" ind1=" " ind2=" ">
    <subfield code="a">DLC</subfield>
    <subfield code="c">KyWAT</subfield>
    <subfield code="d">DLC</subfield>
  </datafield>
  <datafield tag="042" ind1=" " ind2=" ">
    <subfield code="a">premarc</subfield>
  </datafield>
  <datafield tag="050" ind1="0" ind2="0">
    <subfield code="a">F1058</subfield>
    <subfield code="b">.R97</subfield>
  </datafield>
  <datafield tag="100" ind1="1" ind2=" ">
    <subfield code="a">Ryerson, Egerton,</subfield>
    <subfield code="d">1803-1882.</subfield>
  </datafield>
  <datafield tag="245" ind1="1" ind2="4">
    <subfield code="a">&quot;The story of my life.&quot;</subfield>
    <subfield code="c">By the late Rev. Egerton Ryerson ... (being reminiscences of sixty years&apos; public service in Canada.) Prepared under the supervision of his literary trustees ... Ed. by J. George Hodgins ... With portrait and engravings.</subfield>
  </datafield>
  <datafield tag="260" ind1=" " ind2=" ">
    <subfield code="a">Toronto,</subfield>
    <subfield code="b">W. Briggs,</subfield>
    <subfield code="c">1883.</subfield>
  </datafield>
  <datafield tag="300" ind1=" " ind2=" ">
    <subfield code="a">xvi, [17]-612, [2] p.</subfield>
    <subfield code="b">front. (port.) illus., pl., facsim.,</subfield>
    <subfield code="c">23 cm.</subfield>
  </datafield>
  <datafield tag="600" ind1="1" ind2="0">
    <subfield code="a">Ryerson, Egerton,</subfield>
    <subfield code="d">1803-1882.</subfield>
  </datafield>
  <datafield tag="651" ind1=" " ind2="0">
    <subfield code="a">Ontario</subfield>
    <subfield code="x">Politics and government.</subfield>
  </datafield>
  <datafield tag="700" ind1="1" ind2=" ">
    <subfield code="a">Hodgins, J. George</subfield>
    <subfield code="q">(John George),</subfield>
    <subfield code="d">1821-1912.</subfield>
  </datafield>
</record>
